@article{mjl10,
author = {Marques-Silva, João and Janota, Mikoláš and Lynce, Inês},
year = {2010},
month = {01},
pages = {15-20},
title = {On Computing Backbones of Propositional Theories},
volume = {215},
journal = {Frontiers in Artificial Intelligence and Applications},
doi = {10.3233/978-1-60750-606-5-15}
}


@article{mjl15,
 author = {Janota, Mikol\'{a}\v{s} and Lynce, In\^{e}s and Marques-Silva, Joao},
 title = {Algorithms for Computing Backbones of Propositional Formulae},
 journal = {AI Commun.},
 issue_date = {April 2015},
 volume = {28},
 number = {2},
 month = apr,
 year = {2015},
 issn = {0921-7126},
 pages = {161--177},
 numpages = {17},
 url = {http://dl.acm.org/citation.cfm?id=2733572.2733574},
 acmid = {2733574},
 publisher = {IOS Press},
 address = {Amsterdam, The Netherlands, The Netherlands},
 keywords = {Backbones, Mandatory Assignments, Necessary Assignments, Sat}
} 



@article{pj18,
author = {Previti, Alessandro and Järvisalo, Matti},
year = {2018},
month = {04},
pages = {896-902},
title = {A preference-based approach to backbone computation with application to argumentation},
doi = {10.1145/3167132.3167230}
}


@article{dflbm13,
author = {Déharbe, David and Fontaine, Pascal and Le Berre, Daniel and Mazure, Bertrand},
year = {2013},
month = {10},
pages = {46-52},
title = {Computing prime implicant},
journal = {2013 Formal Methods in Computer-Aided Design, FMCAD 2013},
doi = {10.1109/FMCAD.2013.6679390}
}


@article{kk01,
author = {Kaiser, Andreas},
year = {2001},
month = {08},
pages = {},
title = {Detecting Inadmissible and Necessary Variables in Large Propositional Formulae}
}