% This file was created with JabRef 2.6.
% Encoding: UTF-8

@ARTICLE{agarwal2011,
  author = {Agarwal, Sameer and Furukawa, Yasutaka and Snavely, Noah and Simon,
	Ian and Curless, Brian and Seitz, Steven M. and Szeliski, Richard},
  title = {Building Rome in a day},
  journal = {Commun. ACM},
  year = {2011},
  volume = {54},
  pages = {105--112},
  number = {10},
  month = oct,
  acmid = {2001293},
  address = {New York, NY, USA},
  doi = {10.1145/2001269.2001293},
  issn = {0001-0782},
  issue_date = {October 2011},
  numpages = {8},
  publisher = {ACM},
  url = {http://doi.acm.org/10.1145/2001269.2001293}
}

@INPROCEEDINGS{kosecka2004,
  author = {Ko\v{s}eck\'{a}, Jana and Ma, Yi and Soatto, Stefano and Vidal, Ren{\'e}},
  title = {Multiple-view geometry for image-based modeling},
  booktitle = {ACM SIGGRAPH 2004 Course Notes},
  year = {2004},
  series = {SIGGRAPH '04},
  address = {New York, NY, USA},
  publisher = {ACM},
  acmid = {1103909},
  articleno = {9},
  doi = {10.1145/1103900.1103909},
  location = {Los Angeles, CA},
  url = {http://doi.acm.org/10.1145/1103900.1103909}
}

@comment{jabref-meta: selector_publisher:}

@comment{jabref-meta: selector_author:}

@comment{jabref-meta: selector_journal:}

@comment{jabref-meta: selector_keywords:}

